
@misc{_home_????,
	title = {Home {\textbar} {Open} {Edge} {Computing}},
	url = {http://openedgecomputing.org/},
	urldate = {2017-02-02},
	file = {Home | Open Edge Computing:C\:\\Users\\Merwan_user\\AppData\\Roaming\\Mozilla\\Firefox\\Profiles\\3NIV94F2.default\\zotero\\storage\\5TXUR44Z\\openedgecomputing.org.html:text/html}
}

@misc{_openfog_????,
	title = {{OpenFog} {Consortium}},
	url = {https://www.openfogconsortium.org/},
	urldate = {2017-02-02},
	file = {OpenFog Consortium:C\:\\Users\\Merwan_user\\AppData\\Roaming\\Mozilla\\Firefox\\Profiles\\3NIV94F2.default\\zotero\\storage\\Q7XZQKDC\\www.openfogconsortium.org.html:text/html}
}

@misc{_mobile_????,
	title = {Mobile edge computing, {Fog} et al.: {A} survey and analysis of security threats and challenges},
	url = {http://www.sciencedirect.com.passerelle.univ-rennes1.fr/science/article/pii/S0167739X16305635?np=y&npKey=d95bf5a31a9320c22cf3725c75c51b20d86e5f444716bf5ca2891e364ba2aea9},
	urldate = {2017-02-02},
	file = {Mobile edge computing, Fog et al.\: A survey and analysis of security threats and challenges:C\:\\Users\\Merwan_user\\AppData\\Roaming\\Mozilla\\Firefox\\Profiles\\3NIV94F2.default\\zotero\\storage\\EIBD8AGZ\\S0167739X16305635.html:text/html}
}